@article{taboada2011lexicon,
  title={Lexicon-based methods for sentiment analysis},
  author={Taboada, Maite and Brooke, Julian and Tofiloski, Milan and Voll, Kimberly and Stede, Manfred},
  journal={Computational linguistics},
  volume={37},
  number={2},
  pages={267--307},
  year={2011},
  publisher={MIT Press}
}
@inproceedings{hu2004mining,
  title={Mining and summarizing customer reviews},
  author={Hu, Minqing and Liu, Bing},
  booktitle={Proceedings of the tenth ACM SIGKDD international conference on Knowledge discovery and data mining},
  pages={168--177},
  year={2004},
  organization={ACM}
}
@inproceedings{martinez2006learning,
  title={Learning an optimal naive bayes classifier},
  author={Martinez-Arroyo, Miriam and Sucar, Luis Enrique},
  booktitle={18th International Conference on Pattern Recognition (ICPR'06)},
  volume={3},
  pages={1236--1239},
  year={2006},
  organization={IEEE}
}
@article{vinet2011missing,
  title={A ‘missing’family of classical orthogonal polynomials},
  author={Vinet, Luc and Zhedanov, Alexei},
  journal={Journal of Physics A: Mathematical and Theoretical},
  volume={44},
  number={8},
  pages={085201},
  year={2011},
  publisher={IOP Publishing}
}
@inproceedings{ho1995random,
  title={Random decision forests},
  author={Ho, Tin Kam},
  booktitle={Proceedings of 3rd international conference on document analysis and recognition},
  volume={1},
  pages={278--282},
  year={1995},
  organization={IEEE}
}
@article{wahid2017prestasi,
  title={Prestasi kecekapan pengurusan kewangan dan agihan zakat: perbandingan antara majlis agama islam negeri di Malaysia},
  author={Wahid, Hairunnizam and Ahmad, Sanep and Nor, Mohd Ali Mohd and Rashid, Maryam Abd},
  journal={Jurnal Ekonomi Malaysia},
  volume={51},
  number={2},
  pages={39--54},
  year={2017},
  publisher={Penerbit Universiti Kebangsaan Malaysia}
}
@article{goldberg2017neural,
  title={Neural network methods for natural language processing},
  author={Goldberg, Yoav},
  journal={Synthesis Lectures on Human Language Technologies},
  volume={10},
  number={1},
  pages={1--309},
  year={2017},
  publisher={Morgan \& Claypool Publishers}
}
@url{py-twitter,
  author = {Python-Twitter},
  year={2016},
  howpublished = "\url{https://python-twitter.readthedocs.io/}",
}
@url{twitterAPI,
  author = {TwitterAPI},
  year={2019},
  howpublished = "\url{https://developer.twitter.com/en/docs}",
}
@inproceedings{hutto2014Vader,
  title={Vader: A parsimonious rule-based model for sentiment analysis of social media text},
  author={Hutto, Clayton J and Gilbert, Eric},
  booktitle={Eighth international AAAI conference on weblogs and social media},
  year={2014}
}
@book{bird2009natural,
  title={Natural language processing with Python: analyzing text with the natural language toolkit},
  author={Bird, Steven and Klein, Ewan and Loper, Edward},
  year={2009},
  publisher={" O'Reilly Media, Inc."}
}
@techreport{loria2018textblob,
  title={textblob Documentation},
  author={Loria, Steven},
  year={2018},
  institution={Technical report}
}
@book{murty2011pattern,
  title={Pattern recognition: An algorithmic approach},
  author={Murty, M Narasimha and Devi, V Susheela},
  year={2011},
  publisher={Springer Science \& Business Media}
}
@inproceedings{klein2002natural,
  title={Natural language grammar induction using a constituent-context model},
  author={Klein, Dan and Manning, Christopher D},
  booktitle={Advances in neural information processing systems},
  pages={35--42},
  year={2002}
}
@inproceedings{yi2011assistive,
  title={Assistive text reading from complex background for blind persons},
  author={Yi, Chucai and Tian, Yingli},
  booktitle={International workshop on camera-based document analysis and recognition},
  pages={15--28},
  year={2011},
  organization={Springer}
}
@url{python,
  title={Why I Think Python is Perfect for Machine Learning and Artificial Intelligence},
  author = {Andrew Luashchuk},
  year={2019},
  howpublished = "\url{https://towardsdatascience.com/}",
}
@url{googlecolab,
  title={Getting Started With Google Colab},
  author = {Anne Bonner},
  year={2019},
  howpublished = "\url{https://towardsdatascience.com/}",
}